@article{gpu_comparison,
author = {Brodtkorb, André and Hagen, Trond and Sætra, Martin},
year = {2013},
month = {01},
pages = {4–13},
title = {Graphics processing unit (GPU) programming strategies and trends in GPU computing},
volume = {73},
journal = {Journal of Parallel and Distributed Computing},
doi = {10.1016/j.jpdc.2012.04.003}
}

@book{pre_processing,
author = {Arnab Chakrabarty,Sam Mannan,Tahir Cagin},
year = {2016},
pages = {339-396},
title = {Multiscale Modeling for Process Safety Applications},
doi = {https://doi.org/10.1016/B978-0-12-396975-0.00008-5}
}

@article{ilp,
author = {Wasfy, Ahmed and Aloul, Fadi},
year = {2007},
month = {01},
pages = {},
title = {Solving the University Class Scheduling Problem Using Advanced ILP Techniques}
}

@article{np_problem,
author = {Even, S. and Itai, A. and Shamir, A.},
title = {On the Complexity of Timetable and Multicommodity Flow Problems},
journal = {SIAM Journal on Computing},
volume = {5},
number = {4},
pages = {691-703},
year = {1976},
doi = {10.1137/0205048},
URL = { 
        https://doi.org/10.1137/0205048
},
eprint = { 
        https://doi.org/10.1137/0205048
}
}

@article{burke2010decomposition,
  title={Decomposition, reformulation, and diving in university course timetabling},
  author={Burke, Edmund K and Mare{\v{c}}ek, Jakub and Parkes, Andrew J and Rudov{\'a}, Hana},
  journal={Computers \& Operations Research},
  volume={37},
  number={3},
  pages={582--597},
  year={2010},
  publisher={Elsevier}
}

@article{song2018iterated,
  title={An iterated local search algorithm for the University Course Timetabling Problem},
  author={Song, Ting and Liu, Sanya and Tang, Xiangyang and Peng, Xicheng and Chen, Mao},
  journal={Applied Soft Computing},
  volume={68},
  pages={597--608},
  year={2018},
  publisher={Elsevier}
}

@article{moura2010grasp,
  title={A GRASP strategy for a more constrained School Timetabling Problem},
  author={Moura, Arnaldo Vieira and Scaraficci, Rafael Augusto},
  journal={International Journal of Operational Research},
  volume={7},
  number={2},
  pages={152--170},
  year={2010},
  publisher={Inderscience Publishers}
}

@article{doi:10.1057/palgrave.jors.2602523,
author = {C Beyrouthy and E K Burke and D Landa-Silva and B McCollum and P McMullan and A J Parkes},
title = {Towards improving the utilization of university teaching space},
journal = {Journal of the Operational Research Society},
volume = {60},
number = {1},
pages = {130-143},
year  = {2009},
publisher = {Taylor & Francis},
doi = {10.1057/palgrave.jors.2602523},
}

@article{vermuyten2016developing,
  title={Developing compact course timetables with optimized student flows},
  author={Vermuyten, Hendrik and Lemmens, Stef and Marques, In{\^e}s and Beli{\"e}n, Jeroen},
  journal={European Journal of Operational Research},
  volume={251},
  number={2},
  pages={651--661},
  year={2016},
  publisher={Elsevier}
}